<?xml version="1.0" encoding="UTF-8"?><collection xmlns="http://www.loc.gov/MARC21/slim"><record><leader>00340nam--2200121-i-4500</leader><controlfield tag="001">000033319</controlfield><controlfield tag="002">20161230</controlfield><controlfield tag="005">20161230201039</controlfield><controlfield tag="008">060222s1000------------r-----000-0-eng-d</controlfield><datafield ind1=" " ind2=" " tag="080"><subfield code="a">061.21</subfield></datafield><datafield ind1=" " ind2=" " tag="245"><subfield code="a">Monografii de firme. colectia problemem ale conducerii moderne</subfield></datafield><datafield ind1=" " ind2=" " tag="260"><subfield code="a">Bucuresti, Inst.Nat.De Inform.Si Docum., 1979, 71p</subfield></datafield><datafield ind1=" " ind2=" " tag="852"><subfield code="a">47097</subfield></datafield></record></collection>